<collection xmlns="http://www.loc.gov/MARC21/slim">
<record>
  <leader>02323ncm0a22003851i 450 </leader>
  <controlfield tag="001">IT\ICCU\CNCE\044376</controlfield>
  <controlfield tag="005">20080207000000.0</controlfield>
  <datafield tag="012" ind1=" " ind2=" ">
    <subfield code="a">inl- ums. e.it IeEr (3) 1586 (A)</subfield>
    <subfield code="2">fei</subfield>
    <subfield code="9">1</subfield>
  </datafield>
  <datafield tag="100" ind1=" " ind2=" ">
    <subfield code="a">19990113d1586        0itac0103    ba</subfield>
  </datafield>
  <datafield tag="101" ind1=" " ind2=" ">
    <subfield code="a">LAT</subfield>
  </datafield>
  <datafield tag="102" ind1=" " ind2=" ">
    <subfield code="a">IT</subfield>
  </datafield>
  <datafield tag="200" ind1="1" ind2=" ">
    <subfield code="a">Cantus ecclesiasticus passionis Domini Nostri Iesu Christi secundum Matthaeum, Marcum, Lucam, et Ioannem, iuxta ritum capellae s.d.n. papae ac sacrosanctae Basilicae Vaticanae a Ioanne Guidetto Bononiensi ... in tres libros divisus ... Liber primus \-tertius!</subfield>
  </datafield>
  <datafield tag="210" ind1=" " ind2=" ">
    <subfield code="a">Roma</subfield>
    <subfield code="c">Alessandro Gardane</subfield>
    <subfield code="d">1586</subfield>
  </datafield>
  <datafield tag="215" ind1=" " ind2=" ">
    <subfield code="a">3 v.</subfield>
    <subfield code="d">fol</subfield>
  </datafield>
  <datafield tag="620" ind1=" " ind2=" ">
    <subfield code="a">IT</subfield>
    <subfield code="d">Roma</subfield>
  </datafield>
  <datafield tag="700" ind1=" " ind2="1">
    <subfield code="a">Guidetti,</subfield>
    <subfield code="b">Giovanni Domenico</subfield>
    <subfield code="3">IT\ICCU\CNCA\011342</subfield>
  </datafield>
  <datafield tag="712" ind1="0" ind2="0">
    <subfield code="a">Gardane, Alessandro</subfield>
    <subfield code="3">IT\ICCU\CNCT\000583</subfield>
    <subfield code="4">650</subfield>
  </datafield>
  <datafield tag="790" ind1=" " ind2="1">
    <subfield code="a">Guidettus,</subfield>
    <subfield code="b">Joannes</subfield>
    <subfield code="3">IT\ICCU\CNCA\019801</subfield>
    <subfield code="z">Guidetti, Giovanni Domenico</subfield>
  </datafield>
  <datafield tag="790" ind1=" " ind2="1">
    <subfield code="a">Guidetti,</subfield>
    <subfield code="b">Giovanni</subfield>
    <subfield code="3">IT\ICCU\CNCA\019803</subfield>
    <subfield code="z">Guidetti, Giovanni Domenico</subfield>
  </datafield>
  <datafield tag="791" ind1="0" ind2="0">
    <subfield code="a">Gardano, Alessandro</subfield>
    <subfield code="3">IT\ICCU\CNCT\004832</subfield>
    <subfield code="z">Gardane, Alessandro</subfield>
  </datafield>
  <datafield tag="791" ind1="0" ind2="0">
    <subfield code="a">Gardanus, Alexander</subfield>
    <subfield code="3">IT\ICCU\CNCT\004833</subfield>
    <subfield code="z">Gardane, Alessandro</subfield>
  </datafield>
  <datafield tag="801" ind1=" " ind2="3">
    <subfield code="a">IT</subfield>
    <subfield code="b">ICCU</subfield>
    <subfield code="c">20201114</subfield>
  </datafield>
  <datafield tag="899" ind1=" " ind2=" ">
    <subfield code="a">Biblioteca diocesana del Seminario arcivescovile S. Tommaso d&apos;Aquino. Bisceglie</subfield>
    <subfield code="z">MUTILO</subfield>
    <subfield code="1">BA0074</subfield>
    <subfield code="2">PBE A1</subfield>
  </datafield>
  <datafield tag="899" ind1=" " ind2=" ">
    <subfield code="a">Museo Internazionale e Biblioteca della Musica. Bologna</subfield>
    <subfield code="1">BO0310</subfield>
    <subfield code="2">UBO BM</subfield>
  </datafield>
  <datafield tag="899" ind1=" " ind2=" ">
    <subfield code="a">Archivio storico della Diocesi. Como</subfield>
    <subfield code="1">CO0251</subfield>
    <subfield code="2">ZCO 12</subfield>
  </datafield>
  <datafield tag="899" ind1=" " ind2=" ">
    <subfield code="a">Biblioteca Apostolica Vaticana. Citt ̉del Vaticano</subfield>
    <subfield code="1">EX0001</subfield>
    <subfield code="2">ZCV 01</subfield>
  </datafield>
  <datafield tag="899" ind1=" " ind2=" ">
    <subfield code="a">Archivio del Vicariato. Fondo musicale di Santa Maria in Trastevere. Citt ̉del Vaticano</subfield>
    <subfield code="1">EX0005</subfield>
    <subfield code="2">ZCV 06</subfield>
  </datafield>
  <datafield tag="899" ind1=" " ind2=" ">
    <subfield code="a">Biblioteca e Archivio diocesano. Mantova</subfield>
    <subfield code="z">MUTILO</subfield>
    <subfield code="1">MN0122</subfield>
    <subfield code="2">PBE 14</subfield>
  </datafield>
  <datafield tag="899" ind1=" " ind2=" ">
    <subfield code="a">Biblioteca oratoriana del Monumento nazionale dei Girolamini. Napoli</subfield>
    <subfield code="z">MUTILO</subfield>
    <subfield code="1">NA0075</subfield>
    <subfield code="2">NAP GE</subfield>
  </datafield>
  <datafield tag="899" ind1=" " ind2=" ">
    <subfield code="a">Biblioteca vescovile Fonti e archivio diocesano. Gubbio</subfield>
    <subfield code="1">PG0199</subfield>
    <subfield code="2">UM1 79</subfield>
  </datafield>
  <datafield tag="899" ind1=" " ind2=" ">
    <subfield code="a">Archivio e biblioteca della Cattedrale di S. Ruffino. Assisi</subfield>
    <subfield code="1">PG0399</subfield>
  </datafield>
  <datafield tag="899" ind1=" " ind2=" ">
    <subfield code="a">Biblioteca del Seminario vescovile. Fidenza</subfield>
    <subfield code="z">MUTILO</subfield>
    <subfield code="1">PR0011</subfield>
    <subfield code="2">ZPR 08</subfield>
  </datafield>
  <datafield tag="899" ind1=" " ind2=" ">
    <subfield code="a">Archivio - Biblioteca capitolare. Faenza</subfield>
    <subfield code="1">RA0046</subfield>
    <subfield code="2">ZRA 15</subfield>
  </datafield>
  <datafield tag="899" ind1=" " ind2=" ">
    <subfield code="a">Biblioteca musicale governativa del Conservatorio di musica S. Cecilia. Roma</subfield>
    <subfield code="z">MUTILO</subfield>
    <subfield code="1">RM0266</subfield>
    <subfield code="2">RMR SC</subfield>
  </datafield>
  <datafield tag="899" ind1=" " ind2=" ">
    <subfield code="a">Collezione privata Tiezzi Mazzoni Della Stella Maestri. Torrita di Siena</subfield>
    <subfield code="1">SI0161</subfield>
    <subfield code="2">ZSI 14</subfield>
  </datafield>
</record>
</collection>
